



@article{ LGS,
  author =           {Leedham\texttt{\symbol{45}}Green, C. and Soicher, L.},
  title =            {Symbolic Collection Using Deep Thought},
  journal =          {LMS J. Comp. Math. 1},
  year =             {1998},
  pages =            {9\texttt{\symbol{45}}\texttt{\symbol{45}}24},
  printedkey =       {LS98}
}
